<record><leader>00000cas a22000007a 4500</leader><controlfield tag="001">10219357</controlfield><controlfield tag="008">831214d18511880pauwr ne      0    0eng d</controlfield><datafield ind1=" " ind2=" " tag="010"><subfield code="a">sn 83032225 </subfield></datafield><datafield ind1=" " ind2=" " tag="040"><subfield code="a">NPU</subfield><subfield code="b">eng</subfield><subfield code="c">NPU</subfield><subfield code="d">NPH</subfield><subfield code="d">NPX</subfield><subfield code="d">NPH</subfield><subfield code="d">OCLCQ</subfield></datafield><datafield ind1=" " ind2=" " tag="042"><subfield code="a">msc</subfield></datafield><datafield ind1="0" ind2="0" tag="245"><subfield code="a">Sullivan County Democrat.</subfield></datafield><datafield ind1="1" ind2="3" tag="246"><subfield code="a">Sullivan Co. Democrat</subfield></datafield><datafield ind1=" " ind2=" " tag="260"><subfield code="a">Laporte, Sullivan County, Pa. :</subfield><subfield code="b">Michael Meylert &amp; R.H. Foster</subfield></datafield><datafield ind1=" " ind2=" " tag="300"><subfield code="a">v. ;</subfield><subfield code="c">55-58 cm.</subfield></datafield><datafield ind1=" " ind2=" " tag="310"><subfield code="a">Weekly</subfield></datafield><datafield ind1="1" ind2=" " tag="362"><subfield code="a">Began with May 3, 1851 issue.</subfield><subfield code="z">Cf. Ingham, T.J. Hist. of Sullivan Co., Pa., 1899.</subfield></datafield><datafield ind1="1" ind2=" " tag="362"><subfield code="a">Ceased in 1880?</subfield><subfield code="z">Cf. NIM.</subfield></datafield><datafield ind1=" " ind2=" " tag="500"><subfield code="a">Publishers: Meylert, Dietrick &amp; Co., &lt;1852&gt;; Michael Meylert &amp; S.F. Lathrop, &lt;1859&gt;; Michael Meylert, &lt;1863&gt;; Jesse K. Pryor, &lt;1873&gt;; Samuel F. Colt, Jr., &lt;1876&gt;.</subfield></datafield><datafield ind1=" " ind2=" " tag="500"><subfield code="a">Printer: A.J. Trout, &lt;1852&gt;.</subfield></datafield><datafield ind1=" " ind2=" " tag="500"><subfield code="a">"Democratic."</subfield></datafield><datafield ind1=" " ind2=" " tag="500"><subfield code="a">Editors: Michael Meylert, &lt;1852-1876&gt;; A.J. Dietrick, &lt;1852&gt;; Samuel F. Colt, Jr., &lt;1876&gt;.</subfield></datafield><datafield ind1=" " ind2=" " tag="588"><subfield code="a">Description based on: Vol. 1, no. 4 (June 3, 1851).</subfield></datafield><datafield ind1=" " ind2=" " tag="752"><subfield code="a">United States</subfield><subfield code="b">Pennsylvania</subfield><subfield code="c">Sullivan</subfield><subfield code="d">Laporte.</subfield></datafield><datafield ind1="1" ind2=" " tag="029"><subfield code="a">AU@</subfield><subfield code="b">000025835989</subfield></datafield></record>